<record><leader>00000cas a22000007a 4500</leader><controlfield tag="001">11787523</controlfield><controlfield tag="008">850309d18671937wiuwr ne      0    0eng d</controlfield><datafield ind1=" " ind2=" " tag="010"><subfield code="a">sn 85033235 </subfield></datafield><datafield ind1=" " ind2=" " tag="040"><subfield code="a">NPU</subfield><subfield code="b">eng</subfield><subfield code="c">NPU</subfield><subfield code="d">NPV</subfield><subfield code="d">OCLCQ</subfield></datafield><datafield ind1=" " ind2=" " tag="042"><subfield code="a">msc</subfield></datafield><datafield ind1="0" ind2="0" tag="245"><subfield code="a">Princeton republic.</subfield></datafield><datafield ind1="1" ind2="3" tag="246"><subfield code="a">Princeton republic-star</subfield></datafield><datafield ind1=" " ind2=" " tag="260"><subfield code="a">Princeton, Green Lake, Wis. :</subfield><subfield code="b">T. McConnell,</subfield><subfield code="c">-1937.</subfield></datafield><datafield ind1=" " ind2=" " tag="300"><subfield code="a">v.</subfield></datafield><datafield ind1=" " ind2=" " tag="310"><subfield code="a">Weekly</subfield></datafield><datafield ind1=" " ind2=" " tag="321"><subfield code="a">Weekly,</subfield><subfield code="b">&lt;Mar. 21, 1867&gt;-May 20, 1871</subfield></datafield><datafield ind1=" " ind2=" " tag="321"><subfield code="a">Semiweekly,</subfield><subfield code="b">May 27, 1871-Aug. 18, 1877</subfield></datafield><datafield ind1="1" ind2=" " tag="362"><subfield code="a">Began with Feb. 21, 1867 issue?</subfield></datafield><datafield ind1="0" ind2=" " tag="362"><subfield code="a">-sixty-eighth year (May 27, 1937).</subfield></datafield><datafield ind1=" " ind2=" " tag="500"><subfield code="a">Title varies: Princeton republic-star &lt;Sept. 14, 1905&gt;-&lt;March 15, 1906&gt;.</subfield></datafield><datafield ind1=" " ind2=" " tag="500"><subfield code="a">Publisher varies.</subfield></datafield><datafield ind1=" " ind2=" " tag="515"><subfield code="a">Ceased issue number designation with: &lt;Fortieth year (Mar. 29, 1906)&gt;.</subfield></datafield><datafield ind1=" " ind2=" " tag="525"><subfield code="a">Supplements accompany some issues.</subfield></datafield><datafield ind1=" " ind2=" " tag="588"><subfield code="a">Description based on: Vol. 1, no. 5 (Mar. 21, 1867).</subfield></datafield><datafield ind1=" " ind2=" " tag="752"><subfield code="a">United States</subfield><subfield code="b">Wisconsin</subfield><subfield code="c">Green Lake</subfield><subfield code="d">Princeton.</subfield></datafield><datafield ind1="0" ind2="5" tag="780"><subfield code="t">Princeton star</subfield><subfield code="w">(DLC)sn 85041333</subfield></datafield><datafield ind1="0" ind2="7" tag="785"><subfield code="t">Princeton times</subfield><subfield code="w">(DLC)sn 85041332</subfield></datafield><datafield ind1="0" ind2="7" tag="785"><subfield code="t">Princeton times-republic</subfield><subfield code="w">(DLC)sn 84002397</subfield></datafield></record>